% Encoding: windows-1252

@Article{anomalyhyper,
  author  = { Chein-I Chang, Shao-Shan Chiang},
  title   = {Anomaly detection and classification for hyperspectral imagery},
  journal = {IEEE Transactions on Geoscience and Remote Sensing},
  year    = {2002},
  volume  = {40},
  pages   = {1314-1325},
  Doi     = {http://dx.doi.org/10.1109/TGRS.2002.800280}
}

@Article{anomalysurvey,
  author  = { Varun Chandola, Arindam Banerjee, Vipin Kumar},
  title   = {Anomaly detection: A survey},
  journal = {ACM Computing Surveys},
  year    = {2009},
  volume  = {41},
}

@Article{censure,
  author  = {Motilal AgrawalKurt KonoligeMorten Rufus Blas},
  title   = {CenSurE: Center Surround Extremas for Realtime Feature Detection and Matching},
  journal = {ECCV 2008: Computer Vision},
  year    = {2008},
  pages  = {102-115},
}

@Book{REALCAR,
  Title                    = {Real Analysis},
  Author                   = {Neal Carothers},
  Publisher                = {Cambridge University Press},
  Year                     = {2000}
}

@Article{hyperspectralClass,
  Title                    = {IMAGE-LEVEL CLASSIFICATION IN HYPERSPECTRAL IMAGES USING FEATURE DESCRIPTORS, WITH APPLICATION TO FACE RECOGNITION},
  Author                   = {Vivek Sharma, Luc Van Gool},
  Journal                  = {cs.CV},
  Year                     = {2016},

}

@Article{WAGFJ,
  author  = {George T. Gilbert and Rhonda L. Hatcher},
  title   = {Wagering in Final Jeopardy!},
  journal = {Mathematics Magazine},
  year    = {1994},
  volume  = {67},
  number  = {4},
  pages   = {268-277},
  month   = {October},
}

@Electronic{ANCONS,
  Title                    = {AnimeCons.com - {A}nime {C}onventions and {G}uests},
  HowPublished             = {Web},
  Organization             = {AnimeCons},
  Year                     = {2015},

  Owner                    = {sroberson},
  Timestamp                = {2016.07.21}
}


@Comment{jabref-meta: databaseType:bibtex;}
