% Encoding: windows-1252

@Article{anomalyhyper,
  author  = { Chein-I Chang, Shao-Shan Chiang},
  title   = {Anomaly detection and classification for hyperspectral imagery},
  journal = {IEEE Transactions on Geoscience and Remote Sensing},
  year    = {2002},
  volume  = {40},
  pages   = {1314-1325},
  Doi     = {http://dx.doi.org/10.1109/TGRS.2002.800280},
}

@Article{anomalysurvey,
  author  = { Varun Chandola, Arindam Banerjee, Vipin Kumar},
  title   = {Anomaly detection: A survey},
  journal = {ACM Computing Surveys},
  year    = {2009},
  volume  = {41},
}

@Article{censure,
  author  = {Motilal AgrawalKurt KonoligeMorten Rufus Blas},
  title   = {CenSurE: Center Surround Extremas for Realtime Feature Detection and Matching},
  journal = {ECCV 2008: Computer Vision},
  year    = {2008},
  pages  = {102-115},
}

@Article{precisionagfuture,
  author  = {Alex McBratney et al.},
  title   = {Future Directions of Precision Agriculture},
  journal = {Precision Agriculture},
  year    = {2005},
  month   = {February},
  pages  = {7-23},
}

@Article{waterresources,
  author  = {Charles J. Vörösmarty et al.},
  title   = {Global Water Resources: Vulnerability from Climate Change and Population Growth},
  journal = {Science},
  year    = {2000},
  volume  = {289},
  Doi     = {http://dx.doi.org/10.1126/science.289.5477.284},
}


@Article{waterscarce,
  Title                    = {Water Scarcity and Agriculture},
  HowPublished             = {Web},
  Organization             = {The Water Project},
  author                   = {Katherine Sentlinger},
}

@Article{BRIEF,
  Title                    = {BRIEF: Binary Robust Independent Elementary Features},
  HowPublished             = {Web},
  Organization             = {CVLab, EPFL, Lausanne Switzerland},
  author                   = {M. Calonder, V. Lepetit},
  year                     = {2010},
  journal                  = {Computer Vision-ECCV}
}

@Comment{jabref-meta: databaseType:bibtex;}
